% This file was created with JabRef 2.9.2.
% Encoding: Cp1252

@book{tehranipoor2011introduction,
  title={Introduction to hardware security and trust},
  author={Tehranipoor, Mohammad and Wang, Cliff},
  year={2011},
  publisher={Springer Science \& Business Media}
}

@inproceedings{jin2008hardware,
  title={Hardware Trojan detection using path delay fingerprint},
  author={Jin, Yier and Makris, Yiorgos},
  booktitle={2008 IEEE International workshop on hardware-oriented security and trust},
  pages={51--57},
  year={2008},
  organization={IEEE}
}

@inproceedings{francq2015introduction,
  title={Introduction to hardware Trojan detection methods},
  author={Francq, Julien and Frick, Florian},
  booktitle={2015 Design, Automation \& Test in Europe Conference \& Exhibition (DATE)},
  pages={770--775},
  year={2015},
  organization={IEEE}
}

@inproceedings{agrawal2007trojan,
  title={Trojan detection using IC fingerprinting},
  author={Agrawal, Dakshi and Baktir, Selcuk and Karakoyunlu, Deniz and Rohatgi, Pankaj and Sunar, Berk},
  booktitle={2007 IEEE Symposium on Security and Privacy (SP'07)},
  pages={296--310},
  year={2007},
  organization={IEEE}
}

@article{aarestad2010detecting,
  title={Detecting Trojans Through Leakage Current Analysis Using Multiple Supply Pads},
  author={Aarestad, Jim and Acharyya, Dhruva and Rad, Reza and Plusquellic, Jim},
  journal={IEEE Transactions on information forensics and security},
  volume={5},
  number={4},
  pages={893--904},
  year={2010},
  publisher={IEEE}
}

@inproceedings{forte2013temperature,
  title={Temperature tracking: An innovative run-time approach for hardware Trojan detection},
  author={Forte, Domenic and Bao, Chongxi and Srivastava, Ankur},
  booktitle={2013 IEEE/ACM International Conference on Computer-Aided Design (ICCAD)},
  pages={532--539},
  year={2013},
  organization={IEEE}
}

@inproceedings{stellari2014verification,
  title={Verification of untrusted chips using trusted layout and emission measurements},
  author={Stellari, Franco and Song, Peilin and Weger, Alan J and Culp, Jim and Herbert, A and Pfeiffer, Dirk},
  booktitle={2014 IEEE international symposium on hardware-oriented security and trust (HOST)},
  pages={19--24},
  year={2014},
  organization={IEEE}
}